@Article{segal_ci_matrix_elements_1975,
  author = 	 {R. W. Wetmore and G. A. Segal},
  title = 	 {?},
  journal = 	 {Chem. Phys. Lett.},
  year = 	 1975,
  volume = 	 36,
  pages = 	 478}